@online{docker,
	author = "Docker Inc",
	title = "Docker documentation",
	url  = "http://web.archive.org/web/20190610115307/https://docs.docker.com/",
}

@online{poetry,
	author = "Poetry",
	title = "Poetry documentation",
	url  = "https://python-poetry.org",
}